@InProceedings{ABC01,
  author   = {N. Abraham and U. Bibel and P. Corleone},
  title    = {Formatting Contributions for Proceedings},
  pages    = {46-53},
  crossref = {Gl01},
  doi      = {12.34567/ignored-by-the-lni-class}
}

@Proceedings{Gl01,
  title     = {Proc. 7th Int. Conf. on Formatting of Workshop-Proceedings},
  year      = {2001},
  editor    = {Gl√ºck, H. I.},
  address   = {San Francisco},
  publisher = {Noah \& Sons},
  booktitle = {Proc. 7th Int. Conf. on Formatting of Workshop-Proceedings},
}
